<collection xmlns="http://www.loc.gov/MARC21/slim">
<record>
  <leader>01502nam0a22003011i 450 </leader>
  <controlfield tag="001">IT\ICCU\CNCE\069284</controlfield>
  <controlfield tag="005">20070327000000.0</controlfield>
  <datafield tag="012" ind1=" " ind2=" ">
    <subfield code="a">nstu n-ur auum fore (3) 1518 (R)</subfield>
    <subfield code="2">fei</subfield>
  </datafield>
  <datafield tag="100" ind1=" " ind2=" ">
    <subfield code="a">20061222d1518        0itac0103    ba</subfield>
  </datafield>
  <datafield tag="101" ind1=" " ind2=" ">
    <subfield code="a">LAT</subfield>
  </datafield>
  <datafield tag="102" ind1=" " ind2=" ">
    <subfield code="a">IT</subfield>
  </datafield>
  <datafield tag="200" ind1="1" ind2=" ">
    <subfield code="a">Aurea repetitio i.u. d. Hippolyti de Marsiliis rubrice de probationibus</subfield>
  </datafield>
  <datafield tag="210" ind1=" " ind2=" ">
    <subfield code="e">\Bologna!</subfield>
    <subfield code="g">iterato impressa per Benedictum Hectoris bibliopolam Bononiensem</subfield>
    <subfield code="h">1518 die XXIII Ian.</subfield>
  </datafield>
  <datafield tag="215" ind1=" " ind2=" ">
    <subfield code="a">\1! c., 90, \2! col., \4! c.; fol</subfield>
  </datafield>
  <datafield tag="620" ind1=" " ind2=" ">
    <subfield code="a">IT</subfield>
    <subfield code="d">Bologna</subfield>
  </datafield>
  <datafield tag="700" ind1=" " ind2="1">
    <subfield code="a">Marsili,</subfield>
    <subfield code="b">Ippolito</subfield>
    <subfield code="3">IT\ICCU\CNCA\007222</subfield>
  </datafield>
  <datafield tag="712" ind1="0" ind2="0">
    <subfield code="a">Faelli, Benedetto</subfield>
    <subfield code="c"> &lt;1.&gt;</subfield>
    <subfield code="3">IT\ICCU\CNCT\000129</subfield>
    <subfield code="4">650</subfield>
  </datafield>
  <datafield tag="790" ind1=" " ind2="1">
    <subfield code="a">Marsiliis,</subfield>
    <subfield code="b">Hippolytus :  de</subfield>
    <subfield code="3">IT\ICCU\CNCA\009254</subfield>
    <subfield code="z">Marsili, Ippolito</subfield>
  </datafield>
  <datafield tag="790" ind1=" " ind2="0">
    <subfield code="a">Hippolytus</subfield>
    <subfield code="c"> : de#Marsilijs</subfield>
    <subfield code="3">IT\ICCU\CNCA\021052</subfield>
    <subfield code="z">Marsili, Ippolito</subfield>
  </datafield>
  <datafield tag="791" ind1="0" ind2="2">
    <subfield code="a">Benedictus Hectoris</subfield>
    <subfield code="c"> &lt;1.&gt;</subfield>
    <subfield code="3">IT\ICCU\CNCT\002712</subfield>
    <subfield code="z">Faelli, Benedetto &lt;1.&gt;</subfield>
  </datafield>
  <datafield tag="791" ind1="0" ind2="0">
    <subfield code="a">Hectoris, Benedictus</subfield>
    <subfield code="3">IT\ICCU\CNCT\002721</subfield>
    <subfield code="z">Faelli, Benedetto &lt;1.&gt;</subfield>
  </datafield>
  <datafield tag="791" ind1="0" ind2="2">
    <subfield code="a">Benedictus Bononiensis</subfield>
    <subfield code="3">IT\ICCU\CNCT\003789</subfield>
    <subfield code="z">Faelli, Benedetto &lt;1.&gt;</subfield>
  </datafield>
  <datafield tag="791" ind1="0" ind2="2">
    <subfield code="a">Benedetto di Hettore</subfield>
    <subfield code="3">IT\ICCU\CNCT\005101</subfield>
    <subfield code="z">Faelli, Benedetto &lt;1.&gt;</subfield>
  </datafield>
  <datafield tag="791" ind1="0" ind2="0">
    <subfield code="a">Hectoreus, Benedictus</subfield>
    <subfield code="3">IT\ICCU\CNCT\005102</subfield>
    <subfield code="z">Faelli, Benedetto &lt;1.&gt;</subfield>
  </datafield>
  <datafield tag="801" ind1=" " ind2="3">
    <subfield code="a">IT</subfield>
    <subfield code="b">ICCU</subfield>
    <subfield code="c">20201115</subfield>
  </datafield>
  <datafield tag="899" ind1=" " ind2=" ">
    <subfield code="a">Biblioteca comunale dell&apos;Archiginnasio. Bologna</subfield>
    <subfield code="1">BO0304</subfield>
    <subfield code="2">UBO GA</subfield>
  </datafield>
  <datafield tag="899" ind1=" " ind2=" ">
    <subfield code="a">Biblioteca del Reale Collegio di Spagna. Bologna</subfield>
    <subfield code="1">BO0374</subfield>
    <subfield code="2">ZBO 04</subfield>
  </datafield>
  <datafield tag="899" ind1=" " ind2=" ">
    <subfield code="a">Biblioteca Apostolica Vaticana. Citt ̉del Vaticano</subfield>
    <subfield code="1">EX0001</subfield>
    <subfield code="2">ZCV 01</subfield>
  </datafield>
</record>
</collection>
